@electronic{stm,
  author =    {STMicroelectronics},
  title =     {STM32 Standard Peripheral Libraries},
  year =      {2019},
  publisher = {STMicroelectronics},
  url =       {www.ieee.org/documents/ieeecitationref.pdf}
}
